@online{optuna,
    title = "Optuna - A hyperparameter optimization framework",
    url  = "https://optuna.org/",
    addendum = "(accessed: 11.12.2024)",
    keywords = "hyperparameter optimization, machine learning, framework"
}

@online{optuna_tutorial_efficient_algorithms,
    title = "Efficient Optimization Algorithms — Optuna 4.1.0 documentation",
    url = "https://optuna.readthedocs.io/en/stable/tutorial/10_key_features/003_efficient_optimization_algorithms.html",
    addendum = "(accessed: 12.12.2024)",
    keywords = "optimization, Optuna, algorithms"
}

@online{optuna_first_study,
    title = "Lightweight, versatile, and platform agnostic architecture — Optuna 4.1.0 documentation",
    url = "https://optuna.readthedocs.io/en/stable/tutorial/10_key_features/001_first.html",
    addendum = "(accessed: 12.12.2024)",
    keywords = "Optuna, hyperparameter optimization, tutorial"
}

@online{optuna_param_importances,
    title = "optuna.importance.get\_param\_importances — Optuna 4.1.0 documentation",
    url = "https://optuna.readthedocs.io/en/stable/reference/generated/optuna.importance.get_param_importances.html",
    addendum = "(accessed: 12.12.2024)",
    keywords = "Optuna, parameter importance, hyperparameter tuning"
}

@online{scikit_learn_rf_classifier,
    title = "RandomForestClassifier — scikit-learn 1.6.0 documentation",
    url = "https://scikit-learn.org/stable/modules/generated/sklearn.ensemble.RandomForestClassifier.html",
    addendum = "(accessed: 12.12.2024)",
    keywords = "machine learning, random forest, scikit-learn"
}
