@online{python_packaging_pyproject_toml,
    title = "Writing your pyproject.toml - Python Packaging User Guide",
    url = "https://packaging.python.org/en/latest/guides/writing-pyproject-toml/",
    addendum = "(accessed: 13.12.2024)",
    keywords = "Python, packaging, pyproject.toml"
}

@online{sphinx_pypi,
    title = "Sphinx · PyPI",
    url = "https://pypi.org/project/Sphinx/",
    addendum = "(accessed: 13.12.2024)",
    keywords = "Python, documentation, Sphinx"
}

@online{nbsphinx_docs,
    title = "nbsphinx: A Sphinx Extension for Jupyter Notebooks",
    url = "https://nbsphinx.readthedocs.io/en/0.9.5/",
    addendum = "(accessed: 13.12.2024)",
    keywords = "Python, Jupyter, Sphinx, nbsphinx"
}

@online{cython_org,
    title = "Cython: C-Extensions for Python",
    url = "https://cython.org/",
    addendum = "(accessed: 13.12.2024)",
    keywords = "Python, Cython, performance"
}

@online{cython_docs_quickstart,
    title = "Cython - an overview — Cython 3.1.0a1 documentation",
    url = "https://cython.readthedocs.io/en/latest/src/quickstart/overview.html",
    addendum = "(accessed: 13.12.2024)",
    keywords = "Python, Cython, tutorial"
}

@online{researchcomputing_notebook,
    title = "Research Computing and Software Development — UoC MPhil Data Intensive Science and MPhil Economics and Data Science beta documentation",
    url = "https://researchcomputing.readthedocs.io/en/latest/material/part15/notebook.html",
    addendum = "(accessed: 13.12.2024)",
    keywords = "Jupyter, research computing, tutorial"
}


@online{cibuildwheel,
  title = {cibuildwheel},
  year = {2024},
  url = {https://cibuildwheel.pypa.io/en/stable/},
  addendum = "(accessed: 17.12.2024)"
}

@online{automatic_differentiation_wikipedia,
    title     = "Automatic differentiation - Wikipedia",
    url       = "https://en.wikipedia.org/wiki/Automatic_differentiation",
    addendum  = "(accessed: 18.12.2024)",
    keywords  = "automatic differentiation, Wikipedia"
}

